@article{Chen:2005,
  title={著录文后参考文献的规则及注意事项},
  author={陈浩元},
  journal={编辑学报},
  volume={17},
  number={6},
  pages={413--415},
  year={2005}
}

@article{Arnold:2011,
    author = {{Arnold D N} and {Awanou G}},
    title = {The serendipity family of finite elements},
    journal = {Found. Comput. Math.},
    volume = {11},
    pages = {337--344},
    year = {2011}
}

@book{Brezis:2011,
    author = {{Brezis H}},
    title = {{Functional Analysis, Sobolev Spaces and Partial Differential Equations}},
    series = {Universitext},
    address = {New York},
    publisher = {Springer},
    year = {2011}
}

@book{Zhou:2016,
    author = {周民强},
    title = {实变函数论},
    edition = {第3版},
    address = {北京},
    publisher = {北京大学出版社},
    year = {2016}
}
